<?xml version="1.0" encoding="UTF-8"?><record xmlns="http://www.loc.gov/MARC21/slim" xmlns:cinclude="http://apache.org/cocoon/include/1.0" xmlns:zs="http://www.loc.gov/zing/srw/">
  <leader>00342nz  a2200133n  4500</leader>
  <controlfield tag="001">n 2004143244</controlfield>
  <controlfield tag="003">DLC</controlfield>
  <controlfield tag="005">20041116131145.0</controlfield>
  <controlfield tag="008">041116n| acannaabn          |a aad      </controlfield>
  <datafield tag="010" ind1=" " ind2=" ">
    <subfield code="a">n 2004143244</subfield>
  </datafield>
  <datafield tag="040" ind1=" " ind2=" ">
    <subfield code="a">DLC</subfield>
    <subfield code="b">eng</subfield>
    <subfield code="c">DLC</subfield>
  </datafield>
  <datafield tag="100" ind1="0" ind2=" ">
    <subfield code="a">One-Track Mike</subfield>
  </datafield>
  <datafield tag="400" ind1="0" ind2=" ">
    <subfield code="a">Mike,</subfield>
    <subfield code="c">One-Track</subfield>
  </datafield>
  <datafield tag="670" ind1=" " ind2=" ">
    <subfield code="a">Little T. Fome is dape, 2001:</subfield>
    <subfield code="b">label (One-Track Mike)</subfield>
  </datafield>
</record>